<record><leader>00000cas a22000007a 4500</leader><controlfield tag="001">30743944</controlfield><controlfield tag="008">940711d189619uunyuwr ne      0    0eng d</controlfield><datafield ind1=" " ind2=" " tag="010"><subfield code="a">sn 94057632 </subfield></datafield><datafield ind1=" " ind2=" " tag="040"><subfield code="a">NYS</subfield><subfield code="b">eng</subfield><subfield code="c">NYS</subfield><subfield code="d">NYG</subfield><subfield code="d">OCLCQ</subfield></datafield><datafield ind1=" " ind2=" " tag="042"><subfield code="a">msc</subfield></datafield><datafield ind1="0" ind2="4" tag="245"><subfield code="a">The Niagara sun.</subfield></datafield><datafield ind1="1" ind2="3" tag="246"><subfield code="a">Niagara Democrat, Niagara sun</subfield></datafield><datafield ind1=" " ind2=" " tag="260"><subfield code="a">Lockport, N.Y. :</subfield><subfield code="b">Union-Sun Co.</subfield></datafield><datafield ind1=" " ind2=" " tag="300"><subfield code="a">v.</subfield></datafield><datafield ind1=" " ind2=" " tag="310"><subfield code="a">Weekly</subfield></datafield><datafield ind1="1" ind2=" " tag="362"><subfield code="a">Began in 1896?</subfield></datafield><datafield ind1=" " ind2=" " tag="500"><subfield code="a">Published on Tuesday.</subfield></datafield><datafield ind1=" " ind2=" " tag="515"><subfield code="a">Continues numbering of, and alternates numbers with: Niagara Democrat (Lockport, N.Y. : 1865).</subfield></datafield><datafield ind1=" " ind2=" " tag="580"><subfield code="a">Daily ed.: Lockport union-sun.</subfield></datafield><datafield ind1=" " ind2=" " tag="580"><subfield code="a">Friday ed.: Niagara Democrat (Lockport, N.Y. : 1865).</subfield></datafield><datafield ind1=" " ind2=" " tag="588"><subfield code="a">Description based on: Vol. 75, no. 1115 (Mar. 31, 1896).</subfield></datafield><datafield ind1=" " ind2="4" tag="651"><subfield code="a">Lockport (N.Y.)</subfield><subfield code="v">Newspapers.</subfield></datafield><datafield ind1=" " ind2=" " tag="752"><subfield code="a">United States</subfield><subfield code="b">New York</subfield><subfield code="c">Niagara</subfield><subfield code="d">Lockport.</subfield></datafield><datafield ind1="1" ind2=" " tag="775"><subfield code="t">Lockport union-sun</subfield><subfield code="w">(DLC)sn 84031270</subfield></datafield><datafield ind1="1" ind2=" " tag="775"><subfield code="t">Niagara Democrat (Lockport, N.Y. : 1865)</subfield><subfield code="w">(DLC)sn 83031432</subfield><subfield code="w">(OCoLC)9887032</subfield></datafield><datafield ind1="1" ind2=" " tag="029"><subfield code="a">AU@</subfield><subfield code="b">000025904588</subfield></datafield></record>